@misc{sample,
  title        = {Sample},
  howpublished = {\url{http://sample.com}},
  note         = {Aktualne dnia: 2017-01-12}
}